<?xml version="1.0" encoding="UTF-8"?><collection xmlns="http://www.loc.gov/MARC21/slim"><record><leader>00454nam--2200133-i-4500</leader><controlfield tag="001">000036543</controlfield><controlfield tag="002">20161230</controlfield><controlfield tag="005">20161230201041</controlfield><controlfield tag="008">060222s1000------------r-----000-0-eng-d</controlfield><datafield ind1=" " ind2=" " tag="080"><subfield code="a">621.039.647:629.19(043)</subfield></datafield><datafield ind1=" " ind2=" " tag="100"><subfield code="a">Pomathiod,Luc</subfield></datafield><datafield ind1=" " ind2=" " tag="245"><subfield code="a">Etude des phenomenes physiques responsables du fonctionnement d`une source d`ions a electrons oscillants. application a la conception..these</subfield></datafield><datafield ind1=" " ind2=" " tag="260"><subfield code="a">Orleans, Univ.D`Orleans, 1980. Vii+164p</subfield></datafield><datafield ind1=" " ind2=" " tag="852"><subfield code="a">70648</subfield></datafield></record></collection>